@misc{KULstatistics,
  title = {KU Leuven Student Statistics},
  howpublished = {\url{https://www.kuleuven.be/prodstudinfo/v2/50000050/aant_det_en_v2.html}},
  note = {Accessed: 2023-04-27}
}